@Article{LD,
  author = {พญ.วินัดดา ปิยะศิลป},
  title = {ความพิการประเภทที่ 6  Learning Disorders},
  note = {[สื่อออนไลน์] วันที่ 8/27/2020 http://www.thcc.or.th/download/icf/ICF%20LD.pdf},
}
@Article{Dyslexia,
  author = {Indiana University},
  title = {Detecting Dyslexia Using Neural Networks},
  note = {[สื่อออนไลน์] วันที่ 8/27/2020 http://vision.soic.indiana.edu/detecting-dyslexia-using-neural-networks/},
}
@Article{OpenCV,
  author = {N.Chuntra},
  title = {OpenCV คืออะไร},
  note = {[สื่อออนไลน์] วันที่ 8/27/2020 https://medium.com/@nut.ch40/opencv-%E0%B8%84%E0%B8%B7%E0%B8%AD%E0%B8%AD%E0%B8%B0%E0%B9%84%E0%B8%A3-8771e2a4c414},
}
@Article{Neural,
  author = {ชิตพงษ์ กิตตินราดร},
  title = {Neural Network Programming},
  note = {[สื่อออนไลน์] วันที่ 8/27/2020 https://guopai.github.io/ml-blog15.html},
}
@Article{Imagesegment,
  author = {P.Sharma},
  title = {Computer Vision Tutorial: A Step-by-Step Introduction to Image Segmentation Techniques (Part 1)},
  note = {[สื่อออนไลน์] วันที่ 8/27/2020 https://www.analyticsvidhya.com/blog/2019/04/introduction-image-segmentation-techniques-python/},
}
@Article{Imagepre,
  author = {P.Canuma},
  title = {Image Pre-processing},
  note = {[สื่อออนไลน์] วันที่ 8/27/2020 https://towardsdatascience.com/image-pre-processing-c1aec0be3edf},
}
@Article{CS231,
  author = {CS231n: Convolutional Neural Networks for Visual Recognition},
  title = {Convolutional Neural Networks},
  note = {[สื่อออนไลน์] วันที่ 8/27/2020 https://cs231n.github.io/convolutional-networks/#add},
}
@Article{ReLU,
  author = {J.Brownlee},
  title = {A Gentle Introduction to the Rectified Linear Unit (ReLU)},
  note = {[สื่อออนไลน์] วันที่ 8/27/2020 https://machinelearningmastery.com/rectified-linear-activation-function-for-deep-learning-neural-networks/},
}
@Article{Activate,
  author = {K.Surapong},
  title = {Activation Function คืออะไร ใน Artificial Neural Network, Sigmoid Function คืออะไร – Activation Function ep.1},
  note = {[สื่อออนไลน์] วันที่ 8/27/2020 https://www.bualabs.com/archives/1261/what-is-activation-function-what-is-sigmoid-function-activation-function-ep-1/},
}
@Article{ReluFunc,
  author = {K.Surapong},
  title = {ReLU Function คืออะไร ทำไมถึงนิยมใช้ใน Deep Neural Network ต่างกับ Sigmoid อย่างไร – Activation Function ep.3},
  note = {[สื่อออนไลน์] วันที่ 8/27/2020 https://www.bualabs.com/archives/1355/what-is-relu-function-why-popular-deep-learning-training-deep-neural-network-activation-function-ep-3/},
}
@Article{Transfer,
  author = {J.Brownlee},
  title = {Transfer Learning in Keras with Computer Vision Models},
  note = {[สื่อออนไลน์] วันที่ 8/27/2020 https://machinelearningmastery.com/how-to-use-transfer-learning-when-developing-convolutional-neural-network-models},
}








